@inproceedings{tseng2023edge,
  title={Edge: Editable dance generation from music},
  author={Tseng, Jonathan and Castellon, Rodrigo and Liu, Karen},
  booktitle={Proceedings of the IEEE/CVF Conference on Computer Vision and Pattern Recognition},
  pages={448--458},
  year={2023}
}

@inproceedings{radford2023robust,
  title={Robust speech recognition via large-scale weak supervision},
  author={Radford, Alec and Kim, Jong Wook and Xu, Tao and Brockman, Greg and McLeavey, Christine and Sutskever, Ilya},
  booktitle={International conference on machine learning},
  pages={28492--28518},
  year={2023},
  organization={PMLR}
}

@misc{openai2024gpt4omini,
  author = {OpenAI},
  title = {GPT-4o mini: Advancing Cost-Efficient Intelligence},
  year = {2024},
  url = {https://openai.com/index/gpt-4o-mini-advancing-cost-efficient-intelligence/}
}

@software{Jocher_Ultralytics_YOLO_2023,
author = {Jocher, Glenn and Qiu, Jing and Chaurasia, Ayush},
license = {AGPL-3.0},
month = jan,
title = {{Ultralytics YOLO}},
url = {https://github.com/ultralytics/ultralytics},
version = {8.0.0},
year = {2023}
}

@misc{koch_v1_1,
  author       = {Jess Moss and others},
  title        = {Koch-v1-1: A version 1.1 of the Alexander Koch low cost robot arm},
  year         = {2024},
  url          = {https://github.com/jess-moss/koch-v1-1}
}

@inproceedings{siyao2022bailando,
  title={Bailando: 3d dance generation by actor-critic gpt with choreographic memory},
  author={Siyao, Li and Yu, Weijiang and Gu, Tianpei and Lin, Chunze and Wang, Quan and Qian, Chen and Loy, Chen Change and Liu, Ziwei},
  booktitle={Proceedings of the IEEE/CVF Conference on Computer Vision and Pattern Recognition},
  pages={11050--11059},
  year={2022}
}